@inproceedings{agarwal2021,
 author = {Agarwal, Rishabh and Melnick, Levi and Frosst, Nicholas and Zhang, Xuezhou and Lengerich, Ben and Caruana, Rich and Hinton, Geoffrey E.},
 booktitle = {Advances in Neural Information Processing Systems},
 pages = {4699--4711},
 publisher = {Curran Associates, Inc.},
 title = {Neural {A}dditive {M}odels: {I}nterpretable {M}achine {L}earning with {N}eural {N}ets},
 volume = {34},
 year = {2021}
}


@book{barocas-hardt-narayanan,
  title = {Fairness and Machine Learning: Limitations and Opportunities},
  author = {Solon Barocas and Moritz Hardt and Arvind Narayanan},
  publisher = {MIT Press},
  year = {2023}
}

@article{ben2025assessing,
  title={Assessing and alleviating state anxiety in large language models},
  author={Ben-Zion, Ziv and Witte, Kristin and Jagadish, Akshay K and Duek, Or and Harpaz-Rotem, Ilan and Khorsandian, Marie-Christine and Burrer, Achim and Seifritz, Erich and Homan, Philipp and Schulz, Eric and others},
  journal={npj Digital Medicine},
  volume={8},
  number={1},
  pages={132},
  year={2025},
  publisher={Nature Publishing Group UK London}
}

@Book{Biecek2021,
  author = {Przemyslaw Biecek and Tomasz Burzykowski},
  title = {{Explanatory Model Analysis}},
  publisher = {Chapman and Hall/CRC, New York},
  year = {2021},
  isbn = {9780367135591},
  url = {https://pbiecek.github.io/ema/},
}

@article{breiman2001random,
  title={Random forests},
  author={Breiman, Leo},
  journal={Machine learning},
  volume={45},
  number={1},
  pages={5--32},
  year={2001},
  publisher={Springer}
}

@article{carreira2018alternating,
  title={Alternating optimization of decision trees, with application to learning sparse oblique trees},
  author={Carreira-Perpin{\'a}n, Miguel A and Tavallali, Pooya},
  journal={Advances in neural information processing systems},
  volume={31},
  year={2018}
}

@book{charpentier2024insurance,
  title={Insurance, biases, discrimination and fairness},
  author={Charpentier, Arthur},
  year={2024},
  publisher={Springer}
}

@article{chen2024managing,
  title={Managing weather risk with a neural network-based index insurance},
  author={Chen, Zhanhui and Lu, Yang and Zhang, Jinggong and Zhu, Wenjun},
  journal={Management Science},
  volume={70},
  number={7},
  pages={4306--4327},
  year={2024},
  publisher={INFORMS}
}

@book{chollet2021deep,
  title={{Deep learning with Python}},
  author={Chollet, Francois},
  year={2021},
  publisher={{Simon and Schuster}}
}

@article{delcaillau2022,
  title={Model transparency and interpretability: survey and application to the insurance industry},
  author={Delcaillau, Dimitri and Ly, Antoine and Papp, Alize and Vermet, Franck},
  journal={European Actuarial Journal},
  volume={12},
  number={2},
  pages={443--484},
  year={2022},
  publisher={Springer}
}

@misc{doshi2017,
    title={Towards a rigorous science of interpretable machine learning},
    author={Doshi-Velez, Finale and Kim, Been},
    year = {2017},
    note = {arXiv preprint arXiv:1702.08608}
}

@article{fisher2019all,
  title={All models are wrong, but many are useful: Learning a variable's importance by studying an entire class of prediction models simultaneously},
  author={Fisher, Aaron and Rudin, Cynthia and Dominici, Francesca},
  journal={Journal of Machine Learning Research},
  volume={20},
  number={177},
  pages={1--81},
  year={2019}
}

@book{geron2022hands,
  title={{Hands-on machine learning with Scikit-Learn, Keras, and TensorFlow}},
  author={G{\'e}ron, Aur{\'e}lien},
  year={2022},
  publisher={O'Reilly Media},
  edition={3}
}

@article{goodfellow2014explaining,
  title={Explaining and harnessing adversarial examples},
  author={Goodfellow, Ian J and Shlens, Jonathon and Szegedy, Christian},
  journal={arXiv preprint arXiv:1412.6572},
  year={2014}
}

@book{james2021statistical,
  title={{An Introduction to Statistical Learning: with Applications in R}},
  author={James, Gareth and Witten, Daniela and Hastie, Trevor and Tibshirani, Robert},
  year={2021},
  publisher={Springer},
}

@book{james2023statistical,
  title={{An Introduction to Statistical Learning: with Applications in Python}},
  author={James, Gareth and Witten, Daniela and Hastie, Trevor and Tibshirani, Robert and Taylor, Jonathan},
  year={2023},
  publisher={Springer},
}

@book{hyndman2018forecasting,
  title={Forecasting: principles and practice},
  author={Hyndman, Rob J and Athanasopoulos, George},
  year={2018},
  publisher={OTexts}
}

@article{li2023large,
  title={Large language models understand and can be enhanced by emotional stimuli},
  author={Li, Cheng and Wang, Jindong and Zhang, Yixuan and Zhu, Kaijie and Hou, Wenxin and Lian, Jianxun and Luo, Fang and Yang, Qiang and Xie, Xing},
  journal={arXiv preprint arXiv:2307.11760},
  year={2023}
}

@inproceedings{liu2011casia,
  title={CASIA online and offline Chinese handwriting databases},
  author={Liu, Cheng-Lin and Yin, Fei and Wang, Da-Han and Wang, Qiu-Feng},
  booktitle={2011 international conference on document analysis and recognition},
  pages={37--41},
  year={2011},
  organization={IEEE}
}

@article{lundberg2017unified,
  title={A unified approach to interpreting model predictions},
  author={Lundberg, Scott M and Lee, Su-In},
  journal={Advances in neural information processing systems},
  volume={30},
  year={2017}
}

@book{molnar2020interpretable,
  title={Interpretable machine learning},
  author={Molnar, Christoph},
  year={2020}
}

@book{o2017weapons,
  title={Weapons of math destruction: How big data increases inequality and threatens democracy},
  author={O'Neil, Cathy},
  year={2017},
  publisher={Crown}
}

@inproceedings{ribeiro2016,
author = {Ribeiro, Marco Tulio and Singh, Sameer and Guestrin, Carlos},
title = {Why {S}hould {I} {T}rust {Y}ou?": {E}xplaining the {P}redictions of {A}ny {C}lassifier},
year = {2016},
publisher = {Association for Computing Machinery},
booktitle = {Proceedings of the 22nd ACM SIGKDD International Conference on Knowledge Discovery and Data Mining},
pages = {1135--1144}
}

@article{richman2023a,
author = {Richman, Ronald and WÃ¼thrich, Mario V.},
journal = {Scandinavian Actuarial Journal},
number = {1},
pages = {71-95},
publisher = {Taylor & Francis},
title = {Local{GLM}net: interpretable deep learning for tabular data},
volume = {2023},
year = {2023},
}

@article{rudin2019,
  title={Stop explaining black box machine learning models for high stakes decisions and use interpretable models instead},
  author={Rudin, Cynthia},
  journal={Nature Machine Intelligence},
  volume={1},
  number={5},
  pages={206--215},
  year={2019},
  publisher={Nature Publishing Group}
}

@article{rudin2022interpretable,
  title={Interpretable machine learning: Fundamental principles and 10 grand challenges},
  author={Rudin, Cynthia and Chen, Chaofan and Chen, Zhi and Huang, Haiyang and Semenova, Lesia and Zhong, Chudi},
  journal={Statistic Surveys},
  volume={16},
  pages={1--85},
  year={2022},
}

@article{schelldorfer2019nesting,
  title={Nesting classical actuarial models into neural networks},
  author={Schelldorfer, J{\"u}rg and W{\"u}thrich, Mario V.},
  journal={Available at SSRN 3320525},
  year={2019}
}

@book{vajjala2020practical,
  title={{Practical natural language processing: a comprehensive guide to building real-world NLP systems}},
  author={Vajjala, Sowmya and Majumder, Bodhisattwa and Gupta, Anuj and Surana, Harshit},
  year={2020},
  publisher={O'Reilly Media}
}