@article{Wetzstein,
  author     = {Gordon Wetzstein, Aydogan Ozcan, Sylvain Gigan, Shanhui Fan, Dirk Englund, Marin Soljačić, Cornelia Denz, David A. B. Miller & Demetri Psaltis},
  title      = {Inference in artificial intelligence with deep optics and photonics},
  year       = {2020},
  issue_date = {03 December 2020},
  publisher  = {Nature},
  address    = {US},
  volume     = {39–47},
  number     = {588},
  issn       = {s41586-020-2973-6},
  url        = {https://doi.org/10.1038/s41586-020-2973-6},
  doi        = {10.1038/s41586-020-2973-6},
  journal    = {Nature},
  month      = December,
  pages      = {39–47},
  numpages   = {8}
}


